@Book{lecture-notes,
  author = 	 {B. V. Gudiksen},
    title = 	 {AST3310: Astrophysical plasma and stellar interiors},
  year = 	 {2016}
}

